@book{example_source,
	address = {Location},
	title = {Title of Book},
	publisher = {Publisher},
	author = {Name, Author},
	date = {2018}
}